<?xml version="1.0" encoding="UTF-8"?><collection xmlns="http://www.loc.gov/MARC21/slim"><record><leader>00313nam--2200121-i-4500</leader><controlfield tag="001">000048843</controlfield><controlfield tag="002">20161230</controlfield><controlfield tag="005">20161230201047</controlfield><controlfield tag="008">060222s1000------------r-----000-0-eng-d</controlfield><datafield ind1=" " ind2=" " tag="100"><subfield code="a">Azbel,M.Ia.,Lifshic,I.M.,Kaganov,M.I</subfield></datafield><datafield ind1=" " ind2=" " tag="245"><subfield code="a">Elektronnaia teoriia metallov</subfield></datafield><datafield ind1=" " ind2=" " tag="260"><subfield code="a">Moskva, Nauka, 1971. 415 S</subfield></datafield><datafield ind1=" " ind2=" " tag="852"><subfield code="a">36324</subfield></datafield></record></collection>